@book{chiswell2007mathematical,
  title={Mathematical logic},
  author={Chiswell, Ian and Hodges, Wilfrid},
  volume={3},
  year={2007},
  publisher={OUP Oxford}
}

@book{bradley2007calculus,
  title={The calculus of computation: decision procedures with applications to verification},
  author={Bradley, Aaron R and Manna, Zohar},
  year={2007},
  publisher={Springer Science \& Business Media}
}

@inproceedings{moskewicz2001chaff,
  title={Chaff: Engineering an efficient SAT solver},
  author={Moskewicz, Matthew W and Madigan, Conor F and Zhao, Ying and Zhang, Lintao and Malik, Sharad},
  booktitle={Proceedings of the 38th annual Design Automation Conference},
  pages={530--535},
  year={2001},
  organization={ACM}
}

@misc{slides5,
  Author = {Ganesh, Vijay},
  Title={Lecture 5:  Conflict-driven Clause Learning SAT solving (Part 2)},
  Institution = {University of Waterloo},
  Howpublished = "\url{https://ece.uwaterloo.ca/%7Evganesh/TEACHING/F2013/SATSMT/lectures/lecture5.pdf}",
}

@article{gallier2006completeness,
  title={The completeness of propositional resolution: A simple and constructive proof},
  author={Gallier, Jean},
  journal={arXiv preprint cs/0606084},
  year={2006}
}
